@inproceedings{nomen,
  author = {D. Rossi and G. Rossini},
  title = {On sizing CCN content stores by exploiting topological information},
  booktitle ={NOMEN Worshop at IEEE Infocom'12, },
  year = 2012,  
  address={Orlando, FL},
  month = {March 25-30},
  URL =          {http://www.enst.fr/~drossi/paper/rossi12nomen.pdf},
  howpublished = {http://www.enst.fr/~drossi/paper/rossi12nomen.pdf},
  www_txt_url =  {http://www.enst.fr/~drossi/paper/rossi12nomen.pdf},   
}

@techreport{tr1,
  title={Caching performance of content centric networks
under multi-path routing (and more)},
  author={D. Rossi, G. Rossini},
  institution={Telecom ParisTech},
  year = 2011,
  URL =          {http://www.enst.fr/~drossi/paper/rossi11ccn-techrep1.pdf},
  howpublished = {http://www.enst.fr/~drossi/paper/rossi11ccn-techrep1.pdf},
  www_txt_url =  {http://www.enst.fr/~drossi/paper/rossi11ccn-techrep1.pdf},
} 


@techreport{tr2,
  title={A dive into the caching performance of Content Centric Networking},
  author={G. Rossini, D. Rossi},
  institution={Telecom ParisTech},
  year = 2011,
  URL =          {http://www.enst.fr/~drossi/paper/rossi11ccn-techrep2.pdf},
  howpublished = {http://www.enst.fr/~drossi/paper/rossi11ccn-techrep2.pdf},
  www_txt_url =  {http://www.enst.fr/~drossi/paper/rossi11ccn-techrep2.pdf},
} 


@inproceedings{ccn,
  title={Networking named content},
  author={Jacobson, V. and Smetters, D.K. and Thornton, J.D. and Plass, M.F. and Briggs, N.H. and Braynard, R.L.},
  booktitle={CoNEXT},
  pages={1--12},
  year={2009},
  organization={ACM}
}


